//  Books   -----------------------
@book{khalil2004,
  title={Modeling, identification and control of robots},
  author={Khalil, Wisama and Dombre, Etienne},
  year={2004},
  publisher={Butterworth-Heinemann}
}

@book{wisspeintner2007,
  title={VolksBot-A Construction Kit for Multi-purpose Robot Prototyping},
  author={Wisspeintner, Thomas and Nowak, Walter},
  year={2007},
  publisher={INTECH Open Access Publisher}
}

@book{baturone2005,
  title={Rob{\'o}tica: manipuladores y robots m{\'o}viles},
  author={Baturone, An{\'\i}bal Ollero},
  year={2005},
  publisher={Marcombo}
}

@book{spong2008robot,
  title={Robot dynamics and control},
  author={Spong, Mark W and Vidyasagar, Mathukumalli},
  year={2008},
  publisher={John Wiley \& Sons}
}




//  Articles  -----------------------
@article{montemerlo2003,
  title={Towards robotic assistants in nursing homes: Challenges and results},
  author={Pineau, Joelle and Montemerlo, Michael and Pollack, Martha and Roy, Nicholas and Thrun, Sebastian},
  journal={Robotics and autonomous systems},
  volume={42},
  number={3},
  pages={271--281},
  year={2003},
  publisher={Elsevier}
}

@article{kinectFeatures,
  title={Microsoft kinect sensor and its effect},
  author={Zhang, Zhengyou},
  journal={IEEE multimedia},
  volume={19},
  number={2},
  pages={4--10},
  year={2012},
  publisher={IEEE}
}


@article{objectDetectingKinect,
  title={Detecting objects using color and depth segmentation with Kinect sensor},
  author={Hernandez-Lopez, Jose-Juan and Quintanilla-Olvera, Ana-Linnet and L{\'o}pez-Ram{\'\i}rez, Jos{\'e}-Luis and Rangel-Butanda, Francisco-Javier and Ibarra-Manzano, Mario-Alberto and Almanza-Ojeda, Dora-Luz},
  journal={Procedia Technology},
  volume={3},
  pages={196--204},
  year={2012},
  publisher={Elsevier}
}

@article{robocupScientificCompetition,
  title={RoboCup Home: Scientific competition and benchmarking for domestic service robots},
  author={Wisspeintner, Thomas and Van Der Zant, Tijn and Iocchi, Luca and Schiffer, Stefan},
  journal={Interaction Studies},
  volume={10},
  number={3},
  pages={392--426},
  year={2009},
  publisher={John Benjamins Publishing Company}
}

@article{sucar2011vision,
  title={Visi{\'o}n computacional},
  author={Sucar, L Enrique and G{\'o}mez, Giovani},
  journal={Instituto Nacional de Astrof{\'\i}sica, Optica y Electr{\'o}nica. Puebla, M{\'e}xico},
  year={2011}
}






@inproceedings{gerkey2003,
  title={The player/stage project: Tools for multi-robot and distributed sensor systems},
  author={Gerkey, Brian and Vaughan, Richard T and Howard, Andrew},
  booktitle={Proceedings of the 11th international conference on advanced robotics},
  volume={1},
  pages={317--323},
  year={2003}
}

@inproceedings{balakirsky2006,
  title={UsarSim: providing a framework for multirobot performance evaluation},
  author={Balakirsky, Steven and Scrapper, Chris and Carpin, Stefano and Lewis, Michael},
  booktitle={Proceedings of PerMIS},
  volume={2006},
  year={2006}
}

@inproceedings{bradski2000,
  title={Intel's Computer Vision Library: applications in calibration, stereo segmentation, tracking, gesture, face and object recognition},
  author={Bradski, Gary R and Pisarevsky, Vadim},
  booktitle={Computer Vision and Pattern Recognition, 2000. Proceedings. IEEE Conference on},
  volume={2},
  pages={796--797},
  year={2000},
  organization={IEEE}
}

@inproceedings{bruyninckx2001,
  title={Open robot control software: the OROCOS project},
  author={Bruyninckx, Herman},
  booktitle={Robotics and Automation, 2001. Proceedings 2001 ICRA. IEEE International Conference on},
  volume={3},
  pages={2523--2528},
  year={2001},
  organization={IEEE}
}

@inproceedings{ServiceRobotsProblem,
  title={Towards personal service robots for the elderly},
  author={Roy, Nicholas and Baltus, Gregory and Fox, Dieter and Gemperle, Francine and Goetz, Jennifer and Hirsch, Tad and Margaritis, Dimitris and Montemerlo, Michael and Pineau, Joelle and Schulte, Jamie and others},
  booktitle={Workshop on Interactive Robots and Entertainment (WIRE 2000)},
  volume={25},
  pages={184},
  year={2000}
}

@inproceedings{robotsInStores,
  title={Field test of a navigation system: Autonomous cleaning in supermarkets},
  author={Endres, Hermann and Feiten, Wendelin and Lawitzky, Gisbert},
  booktitle={Robotics and Automation, 1998. Proceedings. 1998 IEEE International Conference on},
  volume={2},
  pages={1779--1781},
  year={1998},
  organization={IEEE}
}

@inproceedings{PCL_3D,
  title={3d is here: Point cloud library (pcl)},
  author={Rusu, Radu Bogdan and Cousins, Steve},
  booktitle={Robotics and Automation (ICRA), 2011 IEEE International Conference on},
  pages={1--4},
  year={2011},
  organization={IEEE}
}

@inproceedings{depthCamera_LocNav,
  title={Depth camera based indoor mobile robot localization and navigation},
  author={Biswas, Joydeep and Veloso, Manuela},
  booktitle={Robotics and Automation (ICRA), 2012 IEEE International Conference on},
  pages={1697--1702},
  year={2012},
  organization={IEEE}
}

@inproceedings{efficient_ShapeDetection,
  title={Efficient RANSAC for point-cloud shape detection},
  author={Schnabel, Ruwen and Wahl, Roland and Klein, Reinhard},
  booktitle={Computer graphics forum},
  volume={26},
  number={2},
  pages={214--226},
  year={2007},
  organization={Wiley Online Library}
}







//  Electronic References ----------
@misc{carnegieMellon,
  title = {{Robot Carnegie Mellon} Herramientas de navegación},
  howpublished = {\url{http://carmen.sourceforge.net/}},
  note = {Consultado: 10-2016}
}

@misc{programacionRM,
  title = {{Robot móvil} Herramientas de programación},
  howpublished = {\url{http://babel.isa.uma.es/mrpt/index.ph}},
  note = {Consultado: 11-2016}
}

@misc{microsoftRoboticsStudio,
  title = {{main page} Microsoft Robotics Studio},
  howpublished = {\url{http://msdn.microsoft.com/en-us/robotics/default.aspx}},
  note = {Consultado: 11-2016}
}

@misc{robotSimulation,
  title = {{Sistema unificado} Simulación de robot},
  howpublished = {\url{http://sourceforge.net/projects/usarsim}},
  note = {Consultado: 10-2016}
}

@misc{openCV,
  title = {{Biblioteca abierta} Visión computacional},
  howpublished = {\url{http://sourceforge.net/projects/opencv/}},
  note = {Consultado: 10-2016}
}

@misc{orcos,
  title = {{Software abierto} Control de robots orcos},
  howpublished = {\url{http://www.orocos.org/}},
  note = {Consultado: 10-2016}
}

@misc{activRobots,
  title = {{ActivRobots}},
  howpublished = {\url{http://www.activrobots.com}},
  note = {Consultado: 10-2016}
}

@misc{katanaRobot,
  title = {{Brazo robotico Katana}},
  howpublished = {\url{http://www.neuronics.ch/}},
  note = {Consultado: 10-2016}
}

@misc{hokuyoSensor,
  title = {{Sensor laser Hokuyo}},
  howpublished = {\url{http://www.hokuyo-aut.jp/}},
  note = {Consultado: 10-2016}
}

@misc{rVizEpage,
  title = {{Simulador gráfico rViz}},
  howpublished = {\url{http://wiki.ros.org/rviz}},
  note = {Consultado: 11-2016}
}

@misc{gazeboEpage,
  title = {{Simulador gráfico Gazebo}},
  howpublished = {\url{http://gazebosim.org/}},
  note = {Consultado: 11-2016}
}

@misc{pepperEpage,
  title = {{Robot de plataforma Standar Pepper}},
  howpublished = {\url{https://www.ald.softbankrobotics.com/en/cool-robots/pepper}},
  note = {Consultado: 11-2016}
}

@misc{asimoEpage,
  title = {{Robot de plataforma Standar Asimo}},
  howpublished = {\url{http://asimo.honda.com/}},
  note = {Consultado: 11-2016}
}

@misc{cMellonEpage,
  title = {{Página principal universidad Carnegie Mellon}},
  howpublished = {\url{http://www.cmu.edu/}},
  note = {Consultado: 1-2017}
}


@misc{kinectFeatures,
  title = {{Caracteristicas del sensor Kinect Microsoft}},
  howpublished = {\url{http://support.xbox.com/en-US/xbox-360/accessories/kinect-features-info}},
  note = {Consultado: 09-2016}
}

@misc{justinaGit,
  title = {{Página principal Robot @Home Justina}},
  howpublished = {\url{http://biorobotics.fi-p.unam.mx/}},
  note = {Consultado: 10-2016}
}

@misc{rosEpage,
  title = {{Pagina principal de Ros}},
  howpublished = {\url{http://www.ros.org/}},
  note = {Consultado: 10-2016}
}

@misc{hospitalRobots,
  title={Visual navigation and obstacle avoidance structured light system},
  author={Evans Jr, John M and Weiman, Carl FR and King, Steven J},
  year={1990},
  month="~4",
  publisher={Google Patents},
  note={US Patent 4,954,962}
}

@misc{femexrobotics,
  title={Sitio electronico de la Federación Mexicana de Robótica},
  howpublished = {\url{https://www.femexrobotica.org/tmr2016/rcm-at-home}},
  note = {Consultado: 8-2017}
}

@misc{robocupAtHome,
  title={Sitio electronico oficial de la Robocup at Home},
  howpublished = {\url{http://www.robocupathome.org/}},
  note = {Consultado: 8-2017}
}
