//  Books   -----------------------
@book{khalil2004,
  title={Modeling, identification and control of robots},
  author={Khalil, Wisama and Dombre, Etienne},
  year={2004},
  publisher={Butterworth-Heinemann}
}

@article{montemerlo2003,
  title={Towards robotic assistants in nursing homes: Challenges and results},
  author={Pineau, Joelle and Montemerlo, Michael and Pollack, Martha and Roy, Nicholas and Thrun, Sebastian},
  journal={Robotics and autonomous systems},
  volume={42},
  number={3},
  pages={271--281},
  year={2003},
  publisher={Elsevier}
}

@inproceedings{gerkey2003,
  title={The player/stage project: Tools for multi-robot and distributed sensor systems},
  author={Gerkey, Brian and Vaughan, Richard T and Howard, Andrew},
  booktitle={Proceedings of the 11th international conference on advanced robotics},
  volume={1},
  pages={317--323},
  year={2003}
}

@inproceedings{balakirsky2006,
  title={UsarSim: providing a framework for multirobot performance evaluation},
  author={Balakirsky, Steven and Scrapper, Chris and Carpin, Stefano and Lewis, Michael},
  booktitle={Proceedings of PerMIS},
  volume={2006},
  year={2006}
}

@inproceedings{bradski2000,
  title={Intel's Computer Vision Library: applications in calibration, stereo segmentation, tracking, gesture, face and object recognition},
  author={Bradski, Gary R and Pisarevsky, Vadim},
  booktitle={Computer Vision and Pattern Recognition, 2000. Proceedings. IEEE Conference on},
  volume={2},
  pages={796--797},
  year={2000},
  organization={IEEE}
}

@inproceedings{bruyninckx2001,
  title={Open robot control software: the OROCOS project},
  author={Bruyninckx, Herman},
  booktitle={Robotics and Automation, 2001. Proceedings 2001 ICRA. IEEE International Conference on},
  volume={3},
  pages={2523--2528},
  year={2001},
  organization={IEEE}
}



@book{wisspeintner2007volksbot,
  title={VolksBot-A Construction Kit for Multi-purpose Robot Prototyping},
  author={Wisspeintner, Thomas and Nowak, Walter},
  year={2007},
  publisher={INTECH Open Access Publisher}
}









//  Electronic References ----------
@misc{carnegieMellon,
  title = {{Robot Carnegie Mellon} Herramientas de navegación},
  howpublished = {\url{http://carmen.sourceforge.net/}},
  note = {Accessed: 10-2016}
}


@misc{programacionRM,
  title = {{Robot móvil} Herramientas de programación},
  howpublished = {\url{http://babel.isa.uma.es/mrpt/index.ph}},
  note = {Accessed: 11-2016}
}

@misc{microsoftRoboticsStudio,
  title = {{main page} Microsoft Robotics Studio},
  howpublished = {\url{http://msdn.microsoft.com/en-us/robotics/default.aspx}},
  note = {Accessed: 11-2016}
}

@misc{robotSimulation,
  title = {{Sistema unificado} Simulación de robot},
  howpublished = {\url{http://sourceforge.net/projects/usarsim}},
  note = {Accessed: 10-2016}
}

@misc{openCV,
  title = {{Biblioteca abierta} Visión computacional},
  howpublished = {\url{http://sourceforge.net/projects/opencv/}},
  note = {Accessed: 10-2016}
}

@misc{orcos,
  title = {{Software abierto} Control de robots orcos},
  howpublished = {\url{http://www.orocos.org/}},
  note = {Accessed: 10-2016}
}

